<?xml version="1.0" encoding="UTF-8"?><collection xmlns="http://www.loc.gov/MARC21/slim"><record><leader>00412nam--2200169-i-4500</leader><controlfield tag="001">000039843</controlfield><controlfield tag="002">20161230</controlfield><controlfield tag="005">20170111223836</controlfield><controlfield tag="008">060222s1000------------r-----000-0-eng-d</controlfield><datafield ind1=" " ind2=" " tag="080"><subfield code="a">621</subfield></datafield><datafield ind1=" " ind2=" " tag="100"><subfield code="a">Rudenco, N. F</subfield></datafield><datafield ind1=" " ind2=" " tag="245"><subfield code="a">Masini de ridicat si de transportat</subfield></datafield><datafield ind1=" " ind2=" " tag="260"><subfield code="a">Bucuresti</subfield><subfield code="b">Ed.Tehnica</subfield><subfield code="c">1953</subfield></datafield><datafield ind1=" " ind2=" " tag="300"><subfield code="a">994 p</subfield></datafield><datafield ind1=" " ind2=" " tag="700"><subfield code="a">Spivacovschi, A. O</subfield></datafield><datafield ind1=" " ind2=" " tag="852"><subfield code="a">26810</subfield></datafield><datafield ind1=" " ind2=" " tag="CAT"><subfield code="a">SYS</subfield><subfield code="c">20170111</subfield><subfield code="h">223836</subfield></datafield></record></collection>